@article{afinn,
	author = {Finn Ã…rup Nielsen},
	title = {A new ANEW: Evaluation of a word list for sentiment analysis in microblogs},
	year = {2011},
	url = {http://www2.imm.dtu.dk/pubdb/views/edoc_download.php/6006/pdf/imm6006.pdf}
}
@Article{saif,
	author = {Saif M. Mohammad},
	title = {A Practical Guide to Sentiment Annotation:
	Challenges and Solutions},
	year = {2016},
	publisher = {Association for Computational Linguistics
},
	url = {https://www.aclweb.org/anthology/W16-0429?fbclid=IwAR1m54yZMwQ1i0EpwOgMsKWqCR-SYQWOZ2MpwRtuatY1XSs9VVqoL0Iv6yc}
}

@online{devstack,
	author = {{Stack Overflow}},
	title = {Developer Survey Results},
	url = {https://insights.stackoverflow.com/survey/2018},
	date = {2019-05-06},	
}

@online{danstats,
	author = {{Internet World Stats}},
	title = {Denmark Statistics},
	url = {https://www.internetworldstats.com/europa.htm#dk},
	date = {2019-05-06},
}

@online{tfidf,
	author = {{scikit learn}},
	title = {TfidfTransformer},
	url = {https://scikit-learn.org/stable/modules/generated/sklearn.feature_extraction.text.TfidfTransformer.html#sklearn.feature_extraction.text.TfidfTransformer},
	date = {2019-05-06}
}

@online{marketing,
	author ={{Marketing Charts}},
	title = {Bad Customer Service Interactions More Likely to be Shared Than Good Ones},
	url = {https://www.marketingcharts.com/digital-28628},
	date = {2019-05-06}
}

@online{SOLID,
	author ={Robert Cecil Martin},
	title ={The Principles of OOD},
	url = {http://butunclebob.com/ArticleS.UncleBob.PrinciplesOfOod},
	date = {2019-05-06}
}

@online{pipeline,
	author = {{University of Florida}},
	title= {PipelineProcessing},
	url = {https://www.cise.ufl.edu/research/ParallelPatterns/PatternLanguage/AlgorithmStructure/Pipeline.htm},
	date = {2019-05-07}
}

@online{adapter,
	author={{OODesign}},
	title = {Adapter Pattern},
	url = {https://www.oodesign.com/adapter-pattern.html},
	date = {2019-05-07}
}

@online{lix,
	author={{Haubergs}},
	title = {Lix Calculator},
	url = {http://haubergs.com/rix},
	date = {2019-05-07}
}

@online{stratifiedkfold,
	author={{scikit-learn developers}},
	title = {Stratified KFold explanation},
	url = {https://scikit-learn.org/stable/auto_examples/model_selection/plot_cv_indices.html},
	date = {2019-05-07}
}

@online{ff,
	author = {Facebook},
	title = {Fucking Flink},
	url = {https://www.facebook.com/FFflink/},
	date = {2019-05-07}
}

@online{tv2,
	author={Facebook},
	title = {TV2 Nyhederne},
	url = {https://www.facebook.com/tv2nyhederne/},
	date = {2019-05-07}
}

@online{dr,
	author={Facebook},
	title = {DR Nyheder},
	url = {https://www.facebook.com/DRNyheder/},
	date = {2019-05-07}
}

@online{bt,
	author={Facebook},
	title = {B.T.},
	url = {https://www.facebook.com/ditbt/},
	date = {2019-05-07}
}

@online{dagblad,
	author={Facebook},
	title = {Dagbladet Information},
	url = {https://www.facebook.com/dagbladetinformation/},
	date = {2019-05-07}
}

@online{politiken,
	author={Facebook},
	title = {Politiken},
	url = {https://www.facebook.com/politiken/},
	date = {2019-05-07}
}

@online{echochamber,
	author = {{Oxford Dictionary}},
	title = {Echo Chamber},
	url = {https://en.oxforddictionaries.com/definition/echo_chamber},
	date = {2019-05-07}
}

@online{dannet,
	author = {{Center for Sprogteknologi}},
	title = {DanNet},
	url = {https://cst.ku.dk/projekter/dannet/},
	date = {2019-05-07}
}

@online{learningcurve,
	author = {{scikit-learn developers}},
	title = {Sklearn Learning Curves},
	url = {https://scikit-learn.org/stable/modules/learning_curve.html#learning-curve},
	date = {2019-05-07}
}

@online{ReCal,
	author = {{Deen Frelon}},
	title = {ReCal},
	url = {http://dfreelon.org/recal/recal-oir.php},
	date = {2019-05-07}
}

@online{Keras,
	author = {{Chollet, Fran\c{c}ois and others}},
	title = {Keras},
	year = {2015},
	url = {https://keras.io/},
	date = {2019-05-07}
}

@online{rbf,
	author = {{Scikit-learn developers}},
	title = {Sklearn RBF kernel documentation},
	url = {https://scikit-learn.org/stable/modules/metrics.html#rbf-kernel},
	date = {2019-05-13}
}

@online{poly,
	author = {{Scikit-learn developers}},
	title = {Sklearn polynomial kernel documentation},
	url = {https://scikit-learn.org/stable/modules/metrics.html#polynomial-kernel},
	date = {2019-05-13}
}

@online{linear,
	author = {{Scikit-learn developers}},
	title = {Sklearn polynomial kernel documentation},
	url = {https://scikit-learn.org/stable/modules/metrics.html#linear-kernel},
	date = {2019-05-13}
}
@online{tsne,
	title = {Sklearn RBF documentation},
	url = {https://www.scikit-yb.org/en/latest/api/text/tsne.html},
	date = {2019-05-13}
}

@online{textclassificationtj,
	author = {{Thorsten Joachims}},
	title = {Text classification with Support Vector MachineS: Learning with Many Relevant Features},
	year = {2005},
	url = {https://www.cs.cornell.edu/people/tj/publications/joachims_98a.pdf},
	date = {2019-05-13}
}

@online{mlnetrelease,
	title = {ML.NET v0.11},
	url = {https://github.com/dotnet/machinelearning/releases/tag/v0.11.0},
	date = {2019-05-13}
}

@online{sprogetdk,
	author = {sproget.dk},
	title ={De mest almindelige ord i dansk},
	url = {https://sproget.dk/temaer/ord-og-bogstaver/hvad-er-de-mest-almindelige-ord-pa-dansk},
	date = {2019-05-14}
}

@online{redditinc,
	author = {{Reddit, inc}},
	title = {Reddit Content Policy},
	url = {https://www.redditinc.com/policies/content-policy},
	date = {2019-05-14}
}